%% This BibTeX bibliography file was created using BibDesk.
%% http://bibdesk.sourceforge.net/


%% Created for Federico at 2009-08-19 14:08:26 +0200 


%% Saved with string encoding Unicode (UTF-8)

@inproceedings{1352621,
  author =	 {Fetzer, Christof and Suesskraut, Martin},
  title =	 {Switchblade: enforcing dynamic personalized system
                  call models},
  booktitle =	 {Eurosys '08: Proceedings of the 3rd ACM
                  SIGOPS/EuroSys European Conference on Computer
                  Systems 2008},
  year =	 2008,
  isbn =	 {978-1-60558-013-5},
  pages =	 {273--286},
  location =	 {Glasgow, Scotland UK},
  doi =		 {http://doi.acm.org/10.1145/1352592.1352621},
  publisher =	 {ACM},
  address =	 {New York, NY, USA},
}

@book{little1987statistical,
  title =	 {{Statistical analysis with missing data}},
  author =	 {Little, R.J.A. and Rubin, D.B.},
  year =	 1987,
  publisher =	 {Wiley New York}
}

@article{10.1109/SP.2008.11,
  author =	 {Gabriela F. Cretu and Angelos Stavrou and Michael
                  E. Locasto and Salvatore J. Stolfo and Angelos
                  D. Keromytis},
  title =	 {Casting out Demons: Sanitizing Training Data for
                  Anomaly Sensors},
  journal =	 {Security and Privacy, IEEE Symposium on},
  volume =	 0,
  year =	 2008,
  pages =	 {81-95},
  doi =
                  {http://doi.ieeecomputersociety.org/10.1109/SP.2008.11},
  publisher =	 {IEEE Computer Society},
  address =	 {Los Alamitos, CA, USA}
}
@article{natural,
  author =	 {Gustavo Marques Tavares, Martin Schmaltz, Witold Skiba
             },
  title =	 {Higgs mass naturalness and scale invariance in the UV.},
  journal =	 {arXiv:1308.0025},
  volume =	 0,
  year =	 2013,
  pages =	 {1-10},
  doi =
                  {http://arxiv.org/abs/1308.0025},
  publisher =	 {Cornell University Library},
  address =	 {}
}

@article{higgsBB,
  author =	 {A. Farilla on behalf of the ATLAS Collaboration
             },
  title =	 {Search for the Standard Model Higgs boson in the $H->b\bar{b}$ and H->$\tau^-\tau^+$ decay modes with the ATLAS detector },
  journal =	 {Journal of Physics: Conference},
  volume =	 455,
  year =	 2013,
  pages =	 {1-8},
  doi = {http://iopscience.iop.org/1742-6596/455/1/012015/pdf/1742-6596_455_1_012015.pdf},
  publisher =	 {IOP},
  address =	 {}
}


@Misc{resonance ,
  author =	 {The ATLAS Collaboration},
  title =	 {Search for a new resonance decaying to a Higgs
boson and a W or Z boson in the ll/l$\nu$/$\nu\nu$ + b$\bar{b}$
final state with the ATLAS Detector },
  howpublished = {Available online at
                  \url{https://cds.cern.ch/record/1669860}},
  year =	 2013,
}
@Misc{pdg ,
  author =	 {PDG},
  title =	 {STATUS OF HIGGS BOSON PHYSICS},
  howpublished = {Available online at
                  \url{http://pdg.lbl.gov/2013/reviews/rpp2013-rev-higgs-boson.pdf}},
  year =	 2013,
}


@techreport{atlas,
  Author =	 {ATLAS Collaboration},
  Date-Added =	 {1999-06-25},
  Date-Modified ={1999-06-25},
  Institution =	 {ATLAS Collaboration},
  Keywords =	 {ATLAS Technical Report },
  Title =	 {Technical Design Report},
  Year =	 1999
}
}
